@article{helvig,
  title={The moving-target traveling salesman problem},
  author={Helvig, Christopher S and Robins, Gabriel and Zelikovsky, Alex},
  journal={Journal of Algorithms},
  volume={49},
  number={1},
  pages={153--174},
  year={2003},
  publisher={Elsevier}
}

@Inbook{Grimme2018,
author="Grimme, Christian
and Bossek, Jakob",
title="Grundbegriffe und Komplexit{\"a}t",
bookTitle="Einf{\"u}hrung in die Optimierung: Konzepte, Methoden und Anwendungen",
year="2018",
publisher="Springer Fachmedien Wiesbaden",
address="Wiesbaden",
pages="1--25",
isbn="978-3-658-21151-6",
doi="10.1007/978-3-658-21151-6_1",
url="https://doi.org/10.1007/978-3-658-21151-6_1"
}

@misc{wiki:Versorgungsschiff,
   author = "Wikipedia",
   title = "{Versorgungsschiff} --- {W}ikipedia{,} The Free Encyclopedia",
   year = "2020",
   howpublished = {\url{http://de.wikipedia.org/w/index.php?title=Versorgungsschiff&oldid=180421247}},
   note = "[Online; accessed 19-January-2020]"
 }