%% LaTeX2e file `Template_for_the_LaTeX_Class_uzl-thesis-bibtex-entries.bib'
%% generated by the `bibtex-entries' environment
%% from source `Template_for_the_LaTeX_Class_uzl-thesis' on 2019/12/15.
%%
@article{helvig,
  title={The moving-target traveling salesman problem},
  author={Helvig, Christopher S and Robins, Gabriel and Zelikovsky, Alex},
  journal={Journal of Algorithms},
  volume={49},
  number={1},
  pages={153--174},
  year={2003},
  publisher={Elsevier}
}

@article{moraes,
  title={Experimental Analysis of Heuristic Solutions for the Moving Target Traveling Salesman Problem Applied to a Moving Targets Monitoring System},
  author={de Moraes, Rodrigo S and de Freitas, Edison P},
  journal={Expert Systems with Applications},
  year={2019},
  publisher={Elsevier}
}

@inproceedings{hammar,
  title={Approximation results for kinetic variants of TSP},
  author={Hammar, Mikael and Nilsson, Bengt J},
  booktitle={International Colloquium on Automata, Languages, and Programming},
  pages={392--401},
  year={1999},
  organization={Springer}
}

@incollection{brandstadt1994kurzeste,
  title={K{\"u}rzeste Wege},
  author={Brandst{\"a}dt, Andreas},
  booktitle={Graphen und Algorithmen},
  pages={106--123},
  year={1994},
  publisher={Springer}
}

@article{kaaser2014algorithmen,
  title={Algorithmen und Datenstrukturen},
  author={Kaaser, Dominik S},
  year={2014}
}
