%% LaTeX2e file `bachelor_thesis_Moving_Target_TSP-bibtex-entries.bib'
%% generated by the `bibtex-entries' environment
%% from source `bachelor_thesis_Moving_Target_TSP' on 2019/09/09.
%%

@article{helvig,
  title={The moving-target traveling salesman problem},
  author={Helvig, Christopher S and Robins, Gabriel and Zelikovsky, Alex},
  journal={Journal of Algorithms},
  volume={49},
  number={1},
  pages={153--174},
  year={2003},
  publisher={Elsevier}
}

@article{moraes,
  title={Experimental Analysis of Heuristic Solutions for the Moving Target Traveling Salesman Problem Applied to a Moving Targets Monitoring System},
  author={de Moraes, Rodrigo S and de Freitas, Edison P},
  journal={Expert Systems with Applications},
  year={2019},
  publisher={Elsevier}
}

@inproceedings{hammar,
  title={Approximation results for kinetic variants of TSP},
  author={Hammar, Mikael and Nilsson, Bengt J},
  booktitle={International Colloquium on Automata, Languages, and Programming},
  pages={392--401},
  year={1999},
  organization={Springer}
}


