@inproceedings{florianpaper,
author = {Florian Thaeter and Rüdiger Reischuk},
title = {Improving Anonymization Clustering},
booktitle = {SICHERHEIT 2018},
year = {2018},
editor = {Hanno Langweg and Michael Meier and Bernhard C. Witt and Delphine Reinhardt},
pages = {69--82},
publisher = {Gesellschaft für Informatik e.V.},
address = {Bonn}
}

@unpublished{florianpaper2,
 author={Florian Thaeter and Rüdiger Reischuk},
 title={Hardness of k-anonymous microaggregation},
 note={Unveröffentlichter Artikel},
 year={2019}
}

@Inbook{microaggregation,
author="Josep Domingo-Ferrer",
title="Microaggregation",
bookTitle="Encyclopedia of Database Systems",
year="2009",
publisher="Springer US",
address="Boston, MA",
pages="1736--1737"
}

@inproceedings{kmeanspp,
 author = {David Arthur and Sergei Vassilvitskii},
 title = {K-means++: The Advantages of Careful Seeding},
 booktitle = {Proceedings of the Eighteenth Annual ACM-SIAM Symposium on Discrete Algorithms},
 year = {2007},
 pages = {1027-1035},
 publisher = {Society for Industrial and Applied Mathematics}
} 

@Inbook{evobuch,
 author={Karsten Weicker},
 title={Evolutionäre Algorithmen},
 pages={24--25},
 publisher={Springer Vieweg},
 year={2015}
}

@article{netflixpaper,
  author    = {Arvind Narayanan and Vitaly Shmatikov},
  title     = {How To Break Anonymity of the Netflix Prize Dataset},
  year      = {2006}
}

@misc{casc,
 author={Josep Domingo-Ferrer},
 title={Reference data sets to test and compare sdc
methods for protection of numerical microdata.},
 year={2002},
 url = {http://neon.vb.cbs.nl/casc/},
 note={[Online; zugegriffen 13.11.2019]}
}

@misc{cloud,
 author={Philippe Collard},
 title={Cloud Data Set},
 year={1989},
 url = {https://archive.ics.uci.edu/ml/datasets/Cloud},
 note={[Online; zugegriffen 13.11.2019]}
}

@inproceedings{mdavplus,
  title={V-MDAV : A Multivariate Microaggregation With Variable Group Size},
  author={Agusti Solanas and Antoni Martinez-Ballesté},
  year={2006}
}

@article{kanonymity,
author = {Latanya Sweeney},
year = {2002},
month = {01},
pages = {1--14},
title = {k-Anonymity: A Model for Protecting Privacy},
volume = {10},
journal = {IEEE Security and Privacy}
}

@article{mergeandsplit,
author={Florian Thaeter and Rüdiger Reischuk},
year={2019},
title={Merge and Split},
note={Unveröffentlichtes Manuskript}
}

@inproceedings{forgy,
author = {Greg Hamerly and Charles Elkan},
year = {2002},
month = {01},
pages = {600--607},
title = {Alternatives to the k-means algorithm that find better clusterings},
journal = {Proc. of the Int. Conf. on Inf. and Knowledge Manage}
}

@article{simUC,
author = {Josep Domingo-Ferrer and Antoni Ballesté and Josep Mateo-Sanz and Francesc Sebé},
year = {2006},
month = {11},
pages = {355--369},
title = {Efficient multivariate data-oriented microaggregation},
volume = {15},
journal = {The VLDB Journal}
}

@article{muapprox,
author = {Domingo-Ferrer, Josep and Sebé, Francesc and Solanas, Agusti},
year = {2008},
pages = {714--732},
title = {A polynomial-time approximation to optimal multivariate microaggregation},
volume = {55},
journal = {Computers \& Mathematics with Applications}
}

@article{mdav,
author={J. Domingo-Ferrer and J. M. Mateo-Sanz},
journal={IEEE Transactions on Knowledge and Data Engineering},
title={Practical data-oriented microaggregation for statistical disclosure control},
year={2002},
volume={14},
number={1},
pages={189--201}
}

@article{kmeans,
author={S. {Lloyd}},
journal={IEEE Transactions on Information Theory},
title={Least squares quantization in PCM},
year={1982},
volume={28},
number={2},
pages={129--137}
}