@article{de2019experimental,
  title={Experimental Analysis of Heuristic Solutions for the Moving Target Traveling Salesman Problem Applied to a Moving Targets Monitoring System},
  author={de Moraes, Rodrigo S and de Freitas, Edison P},
  journal={Expert Systems with Applications},
  year={2019},
  publisher={Elsevier}
}

@article{helvig2003moving,
  title={The moving-target traveling salesman problem},
  author={Helvig, Christopher S and Robins, Gabriel and Zelikovsky, Alex},
  journal={Journal of Algorithms},
  volume={49},
  number={1},
  pages={153--174},
  year={2003},
  publisher={Elsevier}
}

